<?xml version="1.0" encoding="UTF-8"?><collection xmlns="http://www.loc.gov/MARC21/slim"><record><leader>00559nam--2200169-i-4500</leader><controlfield tag="001">000013254</controlfield><controlfield tag="002">20161230</controlfield><controlfield tag="005">20161230201030</controlfield><controlfield tag="008">060222s1000------------r-----000-0-eng-d</controlfield><datafield ind1=" " ind2=" " tag="040"><subfield code="a">IFIN-HH</subfield></datafield><datafield ind1=" " ind2=" " tag="080"><subfield code="a">533.9</subfield></datafield><datafield ind1="1" ind2=" " tag="110"><subfield code="a">Institut fur Theoretische Physik</subfield></datafield><datafield ind1="1" ind2="0" tag="245"><subfield code="a">International Congress Waves and Instabilities in Plasmas. Innsbruck, Austria April 2-7, 1973</subfield><subfield code="b">Book of Abstracts. Survey Lectures. Short Communications</subfield></datafield><datafield ind1=" " ind2=" " tag="260"><subfield code="a">Innsbruck</subfield><subfield code="b">Universitat Innsbruck</subfield><subfield code="c">1973</subfield></datafield><datafield ind1=" " ind2=" " tag="300"><subfield code="a">Pag. dif</subfield></datafield><datafield ind1=" " ind2=" " tag="852"><subfield code="a">48918</subfield><subfield code="c">533.9</subfield></datafield><datafield ind1=" " ind2=" " tag="CAT"><subfield code="a">Sys</subfield><subfield code="c">20100929</subfield><subfield code="h">142357</subfield></datafield></record></collection>